@report{schilling,
   author = {Klaus Schilling AND Daniel Eck AND Michael Albert},
   title = {Evaluation of laser sensors for precise line following applications},
   institution = {Universität Würzburg - Department of Computer Science; Zentrum für Telematik e. V., Gerbrunn},
}

@online{schaefer,
   author = {{SSI SCHÄFER}},
   title = {Fahrerlose Transportsysteme (FTS)},
   date = {28.01.2022},
   url = {https://www.ssi-schaefer.com/de-de/produkte/foerdern-transportieren/fahrerlose-transportsysteme},
   note = {Eingesehen am 28.01.2022},
}

@online{bosch,
   author = {{Bosch Mobility Solutions}},
   title = {Spurhalteassistent},
   date = {05.02.2022},
   url = {https://www.bosch-mobility-solutions.com/de/loesungen/assistenzsysteme/spurhalteassistent/},
   note = {Eingesehen am 05.02.2022},
}

@online{wikipediaMecanum,
   author = {Wikipedia},
   title = {Mecanum-Rad},
   date = {17.02.2022},
   url = {https://de.wikipedia.org/wiki/Mecanum-Rad},
   note = {Eingesehen am 17.02.2022},
}

@online{activies,
   author = {{Android developers}},
   title = {Introduction to Activities},
   date = {19.02.2022},
   url = {https://developer.android.com/guide/components/activities/intro-activities},
   note = {Eingesehen am 19.02.2022},
}
